<?xml version="1.0" encoding="UTF-8"?><collection xmlns="http://www.loc.gov/MARC21/slim"><record><leader>00559nam--2200193-i-4500</leader><controlfield tag="001">000017352</controlfield><controlfield tag="002">20161230</controlfield><controlfield tag="005">20161230201032</controlfield><controlfield tag="008">060222s1000------------r-----000-0-eng-d</controlfield><datafield ind1=" " ind2=" " tag="040"><subfield code="a">IFIN-HH</subfield></datafield><datafield ind1=" " ind2=" " tag="080"><subfield code="a">517.9</subfield></datafield><datafield ind1=" " ind2=" " tag="100"><subfield code="a">Davies, B</subfield></datafield><datafield ind1=" " ind2=" " tag="245"><subfield code="a">Integral transforms and their applications. second edition. with 50 illustrations</subfield></datafield><datafield ind1=" " ind2=" " tag="260"><subfield code="a">NEW YORK, SPRINGER-VERLAG, 1985. XV + 411p</subfield></datafield><datafield ind1=" " ind2=" " tag="490"><subfield code="a">Applied Mathemetical Sciences</subfield><subfield code="v">vol.25</subfield></datafield><datafield ind1=" " ind2=" " tag="504"><subfield code="a">Includes Index</subfield></datafield><datafield ind1=" " ind2=" " tag="650"><subfield code="a">Integral Transforms</subfield></datafield><datafield ind1=" " ind2=" " tag="852"><subfield code="a">80924</subfield></datafield><datafield ind1=" " ind2=" " tag="CAT"><subfield code="a">Sys</subfield><subfield code="c">20090610</subfield><subfield code="h">074649</subfield></datafield></record></collection>